@misc{astudio,
	title = {Download {Android} {Studio} and {SDK} tools},
	url = {https://developer.android.com/studio/},
	abstract = {Download the official Android IDE and developer tools to build apps for Android phones, tablets, wearables, TVs, and more.},
	language = {en},
	urldate = {2018-09-11},
	journal = {Android Developers}
}

@misc{git,
	title = {git - the simple guide - no deep shit!},
	url = {http://rogerdudler.github.io/git-guide/},
	urldate = {2019-02-13}
}

@misc{easycontent,
	title = {Easy integration with {Android}'s built-in and custom content providers data: {EverythingMe}/easy-content-providers},
	shorttitle = {Easy integration with {Android}'s built-in and custom content providers data},
	url = {https://github.com/EverythingMe/easy-content-providers},
	urldate = {2019-02-12},
	publisher = {EverythingMe},
	month = feb,
	year = {2019},
	note = {original-date: 2015-08-06T12:26:57Z}
}

@misc{codacy,
	title = {Codacy},
	url = {https://app.codacy.com/projects},
	language = {en},
	urldate = {2019-02-14}
}