
@misc{ Services-AndroidDevelopers,
       author = "Android Developers",
       title = "Android Developers",
       year = "2018",
       url = "https://developer.android.com/guide/components/services.html"
}

@misc{ AndroidDevelopers,
       author = "Android Developers",
       title = "Android Developers",
       year = "2018",
       url = "https://developer.android.com/index.html?hl=es-419"
}
@misc{ AndroidDevelopers,
       author = "Santi Mart√≠nez",
       title = "Utilizar servicios (Service e IntentService) en Android",
       year = "2014",
       url = "http://gpmess.com/blog/2014/08/14/utilizar-servicios-service-e-intentservice-en-android/"
}
@misc{ LocationListener-AndroidDevelopers,
       author = "Android Developers",
       title = "Android Developers",
       year = "2018",
       url = "https://developer.android.com/reference/android/location/LocationListener.html"
}

